<?xml version="1.0" encoding="UTF-8"?><collection xmlns="http://www.loc.gov/MARC21/slim"><record><leader>00430nam--2200157-i-4500</leader><controlfield tag="001">000019049</controlfield><controlfield tag="002">20161230</controlfield><controlfield tag="005">20170109002850</controlfield><controlfield tag="008">060222s1000------------r-----000-0-eng-d</controlfield><datafield ind1=" " ind2=" " tag="040"><subfield code="a">IFIN-HH</subfield></datafield><datafield ind1="1" ind2=" " tag="100"><subfield code="a">Eirich, Frederick R</subfield></datafield><datafield ind1="1" ind2="0" tag="245"><subfield code="a">Rheology. Theory and applications</subfield><subfield code="b">Vol. III</subfield><subfield code="c">Frederick R. Eirich (Ed.)</subfield></datafield><datafield ind1=" " ind2=" " tag="260"><subfield code="a">New York</subfield><subfield code="b">Academic Press</subfield><subfield code="c">1960</subfield></datafield><datafield ind1=" " ind2=" " tag="300"><subfield code="a">680 p</subfield></datafield><datafield ind1=" " ind2=" " tag="852"><subfield code="a">12082</subfield><subfield code="c">532</subfield></datafield><datafield ind1=" " ind2=" " tag="CAT"><subfield code="a">SYS</subfield><subfield code="c">20170109</subfield><subfield code="h">002850</subfield></datafield></record></collection>